
@article{A3:alt2019transitions,
  title={Transitions: A Protocol-independent View of the Future Internet},
  author={Alt, Bastian and Weckesser, Markus and Becker, Christian and Hollick, Matthias and Kar, Sounak and Klein, Anja and Klose, Robin and Kluge, Roland and Koeppl, Heinz and Koldehofe, Boris and others},
  journal={Proceedings of the IEEE},
  volume={107},
  number={4},
  pages={835--846},
  year={2019},
  publisher={IEEE},
  keywords = {A3},
}

@inproceedings{A3:baumgaertner2019bdtn7,
  author = {{Baumgärtner}, Lars and {Höchst}, Jonas and Meuser, Tobias},
  title = {{B-DTN7: Browser-based Disruption-tolerant Networking via Bundle Protocol 7}},
  booktitle = {{Int. Conference on Information and Communication Technologies for Disaster Management (ICT-DM)}},
  address = {Paris, France},
  pages   = {1--8},
  publisher = {IEEE},
  days = {17},
  month = dec,
  year = {2019},
  keywords={A3},
}

@inproceedings{A3:penning2019dtn,
  author = {Penning, Alvar and Baumgärtner, Lars and Höchst, Jonas and Sterz, Artur and Mezini, Mira and Freisleben, Bernd},
  title = {DTN7: An Open-Source Disruption-tolerant Networking Implementation of Bundle Protocol 7},
  booktitle = {18th Int. Conference on Ad Hoc Networks and Wireless (ADHOC-NOW)},
  address = {Esch-sur-Alzette, Luxemburg},
  pages = {196--209},
  publisher = {Springer-Verlag},
  days = {01},
  month = oct,
  year = {2019},
  doi = {10.1007/978-3-030-31831-4_14},
  keywords={A3},
}

@inproceedings{A3:sterz2019oppload,
  author = {Sterz, Artur and {Baumg{\"a}rtner}, Lars and {H{\"o}chst}, Jonas and Lampe, Patrick and Freisleben, Bernd},
  title = {{OPPLOAD: Offloading Computational Workflows in Opportunistic Networks}},
  booktitle = {{44th Int. Conference on Local Computer Networks (LCN 2019)}},
  address = {Osnabr{\"u}ck, Germany},
  pages = {381--388},
  publisher = {IEEE},
  days = {13},
  month = oct,
  year = {2019},
  keywords={A3},
}

@inproceedings{A3:Steinmetzer2017,
  author = {Steinmetzer, Daniel and Wegemer, Daniel and Schulz, Matthias and Widmer, Joerg and Hollick, Matthias},
  title = {Compressive Millimeter-Wave Sector Selection in Off-the-Shelf {IEEE} 802.11Ad Devices},
  booktitle = {Int. Conference Emerging Networking {EX}periments and Technologies ({CoNEXT})},
  year = {2017},
  publisher = {ACM},
  isbn = {978-1-4503-5422-6},
  location = {Incheon},
  pages = {414--425},
  doi = {10.1145/3143361.3143384},
  keywords={A3},
  collaborations={C1, D1, T1}
} 


@inproceedings{A3:ScWeHo2017,
  title={Nexmon: Build Your Own Wi-Fi Testbeds With Low-Level MAC and PHY-Access Using Firmware Patches on Off-the-Shelf Mobile Devices},
  author={Schulz, Matthias and Wegemer, Daniel and Hollick, Matthias},
  booktitle={11th Workshop on Wireless Network Testbeds, Experimental Evaluation \& Characterization},
  pages={59--66},
  year={2017},
  publisher={ACM},
  keywords={A3},
  collaborations={D1} 
}

@inproceedings{A3:ClHo2019,
  title={Inside Job: Diagnosing Bluetooth Lower Layers Using Off-the-shelf Devices},
  author={Classen, Jiska and Hollick, Matthias},
  booktitle={12th Conference on Security and Privacy in Wireless and Mobile Networks},
  pages={186--191},
  year={2019},
  publisher={ACM},
  keywords={A3},
  collaborations={D1} 
}

## Fremde Publikationen

@article{A3:larsen2009architectural,
  title={Architectural Breakdown of End-to-end Latency in a TCP/IP Network},
  author={Larsen, Steen and Sarangam, Parthasarathy and Huggahalli, Ram and Kulkarni, Siddharth},
  journal={International Journal of Parallel Programming},
  volume={37},
  number={6},
  pages={556--571},
  year={2009},
  publisher={Springer},
  url={https://link.springer.com/content/pdf/10.1007/s10766-009-0109-6.pdf},
  keywords={A3},
}

@inproceedings{A3:han2012megapipe,
  title={MegaPipe: A New Programming Interface for Scalable Network I/O},
  author={Han, Sangjin and Marshall, Scott and Chun, Byung-Gon and Ratnasamy, Sylvia},
  booktitle={10th USENIX Symposium on Operating Systems Design and Implementation (OSDI)},
  pages={135--148},
  year={2012},
  url={https://www.usenix.org/system/files/conference/osdi12/osdi12-final-40.pdf},
  keywords={A3},
}

@article{A3:honda2014rekindling,
  title={Rekindling Network Protocol Innovation with User-level Stacks},
  author={Honda, Michio and Huici, Felipe and Raiciu, Costin and Araujo, Joao and Rizzo, Luigi},
  journal={ACM SIGCOMM Comp. Comm. Review},
  volume={44},
  number={2},
  pages={52--58},
  year={2014},
  publisher={ACM},
  url={http://www.iet.unipi.it/~a007834/papers/20140401-rizzo-ccr.pdf},
  keywords={A3},
}

@inproceedings{A3:jeong2014mtcp,
  title={mTCP: a Highly Scalable User-level TCP Stack for Multicore Systems},
  author={Jeong, EunYoung and Wood, Shinae and Jamshed, Muhammad and Jeong, Haewon and Ihm, Sunghwan and Han, Dongsu and Park, KyoungSoo},
  booktitle={11th USENIX Symposium on Networked Systems Design and Implementation (NSDI 14)},
  pages={489--502},
  year={2014},
  url={https://www.usenix.org/system/files/conference/nsdi14/nsdi14-paper-jeong.pdf},
  keywords={A3},
}

@inproceedings{A3:pathak2015modnet,
  title={ModNet: A Modular Approach to Network Stack Extension},
  author={Pathak, Sharvanath and Pai, Vivek S},
  booktitle={12th USENIX Symposium on Networked Systems Design and Implementation (NSDI 15)},
  pages={425--438},
  year={2015},
  url={https://www.usenix.org/system/files/conference/nsdi15/nsdi15-paper-pathak.pdf},
  keywords={A3},
}

@inproceedings{A3:heuschkel2016virtualstack,
  title={VirtualStack: Adaptive Multipath Support through Protocol Stack Virtualization.},
  author={Heuschkel, Jens and Fr{\"o}mmgen, Alexander and Crowcroft, Jon and M{\"u}hlh{\"a}user, Max},
  booktitle={10th Int. Network Conference (INC)},
  pages={73--78},
  year={2016},
  url={https://pdfs.semanticscholar.org/7af2/e9b2bd4094492726da6fff518e1032aaba41.pdf},
  keywords={A3},
}

@inproceedings{A3:li2019socksdirect,
  title={SocksDirect: Datacenter Sockets Can Be Fast and Compatible},
  author={Li, Bojie and Cui, Tianyi and Wang, Zibo and Bai, Wei and Zhang, Lintao},
  booktitle={ACM Special Interest Group on Data Communication},
  pages={90--103},
  year={2019},
  organization={ACM},
  url={https://dlnext.acm.org/doi/pdf/10.1145/3341302.3342071?download=true},
  keywords={A3},
}

@inproceedings{A3:de2018tuning,
  title={Tuning Multipath TCP for Interactive Applications on Smartphones},
  author={De Coninck, Quentin and Bonaventure, Olivier},
  booktitle={2018 IFIP Networking Conference (IFIP Networking) and Workshops},
  pages={1--9},
  year={2018},
  organization={IEEE},
  keywords={A3},
}

@inproceedings{A3:de2019pluginizing,
  title={Pluginizing QUIC},
  author={De Coninck, Quentin and Michel, Fran{\c{c}}ois and Piraux, Maxime and Rochet, Florentin and Given-Wilson, Thomas and Legay, Axel and Pereira, Olivier and Bonaventure, Olivier},
  booktitle={ACM Interest Group on Data Communication},
  pages={59--74},
  year={2019},
  organization={ACM},
  keywords={A3},
}

@article{A3:schueren2017tcpsnitch,
  title={TCPSnitch: Dissecting the Usage of the Socket API},
  author={Schueren, Gregory Vander and De Coninck, Quentin and Bonaventure, Olivier},
  journal={arXiv preprint arXiv:1711.00674},
  year={2017},
  keywords={A3},
}

@inproceedings{A3:tran2019beyond,
  title={Beyond Socket Options: Making the Linux TCP Stack Truly Extensible},
  author={Tran, Viet-Hoang and Bonaventure, Olivier},
  booktitle={2019 IFIP Networking Conference (IFIP Networking)},
  pages={1--9},
  year={2019},
  publisher={IFIP},
  keywords={A3},
}

@article{A3:duchene2019srv6pipes,
  title={SRv6Pipes: Enabling In-network Bytestream Functions},
  author={Duch{\^e}ne, Fabien and Lebrun, David and Bonaventure, Olivier},
  journal={Computer Communications},
  year={2019},
  publisher={Elsevier},
  keywords={A3},
}

@inproceedings{A3:jamshed2017mos,
  title={Mos: A Reusable Networking Stack for Flow Monitoring Middleboxes},
  author={Jamshed, Muhammad Asim and Moon, YoungGyoun and Kim, Donghwi and Han, Dongsu and Park, KyoungSoo},
  booktitle={14th USENIX Symposium on Networked Systems Design and Implementation (NSDI 17)},
  pages={113--129},
  year={2017},
  keywords={A3},
}

@inproceedings{A3:gallo2018clicknf,
  title={ClickNF: A Modular Stack for Custom Network Functions},
  author={Gallo, Massimo and Laufer, Rafael},
  booktitle={2018 USENIX Annual Technical Conference (USENIX ATC 18)},
  pages={745--757},
  year={2018},
  keywords={A3},
}

@inproceedings{A3:hohlfeld2018application,
  title={Application-Agnostic Offloading of Datagram Processing},
  author={Hohlfeld, Oliver and Reelfs, Helge and R{\"u}th, Jan and Schmidt, Florian and Zimmermann, Torsten and Hiller, Jens and Wehrle, Klaus},
  booktitle={30th Int. Teletraffic Congress (ITC 30)},
  volume={1},
  pages={46--54},
  year={2018},
  organization={IEEE},
  keywords={A3},
}

% ToDo: die Referenz sollte noch ersetzt werden, durch irgendwas was nicht arXiv preprint ist
@article{A3:niu2019netkernel,
  title={NetKernel: Making Network Stack Part of the Virtualized Infrastructure},
  author={Niu, Zhixiong and Xu, Hong and Cheng, Peng and Xiong, Yongqiang and Wang, Tao and Han, Dongsu and Winstein, Keith},
  journal={arXiv preprint arXiv:1903.07119},
  year={2019},
  keywords={A3},
}

@article{A3:sundararajan2011network,
  title={Network Coding Meets TCP: Theory and Implementation},
  author={Sundararajan, Jay Kumar and Shah, Devavrat and M{\'e}dard, Muriel and Jakubczak, Szymon and Mitzenmacher, Michael and Barros, Joao},
  journal={Proceedings of IEEE},
  volume={99},
  number={3},
  pages={490--512},
  year={2011},
  publisher={IEEE},
  keywords={A3},
}

@article{A3:patel2003upgrading,
  title={Upgrading Transport Protocols Using Untrusted Mobile Code},
  author={Patel, Parveen and Whitaker, Andrew and Wetherall, David and Lepreau, Jay and Stack, Tim},
  journal={ACM SIGOPS Operating Syst. Rev.},
  volume={37},
  number={5},
  pages={1--14},
  year={2003},
  publisher={ACM},
  keywords={A3},
}

@inproceedings{A3:dunigan2002tcp,
  title={A TCP Tuning Daemon},
  author={Dunigan, Tom and Mathis, Matt and Tierney, Brian},
  booktitle={2002 ACM/IEEE Conference on Supercomputing (SC'02)},
  pages={9--9},
  year={2002},
  organization={IEEE},
  keywords={A3},
}

@inproceedings{A3:wetherall1998ants,
  title={ANTS: A Toolkit for Building and Dynamically Deploying Network Protocols},
  author={Wetherall, David J and Guttag, John and Tennenhouse, David L and others},
  booktitle={IEEE Open Archichtecture and Network Programming},
  volume={98},
  pages={117--129},
  year={1998},
  publisher = {IEEE},
  organization={San Francisco, CA},
  keywords={A3},
}

@inproceedings{A3:hicks1998plan,
  title={PLAN: A Packet Language for Active Networks},
  author={Hicks, Michael and Kakkar, Pankaj and Moore, Jonathan T and Gunter, Carl A and Nettles, Scott},
  booktitle={ACM SIGPLAN Notices},
  volume={34},
  number={1},
  pages={86--93},
  year={1998},
  organization={ACM},
  keywords={A3},
}

@article{A3:mckeown2008openflow,
  title={OpenFlow: Enabling Innovation in Campus Networks},
  author={McKeown, Nick and Anderson, Tom and Balakrishnan, Hari and Parulkar, Guru and Peterson, Larry and Rexford, Jennifer and Shenker, Scott and Turner, Jonathan},
  journal={ACM SIGCOMM Computer Communication Review},
  volume={38},
  number={2},
  pages={69--74},
  year={2008},
  publisher={ACM},
  keywords={A3},
}

@article{A3:bosshart2014p4,
  title={P4: Programming Protocol-independent Packet Processors},
  author={Bosshart, Pat and Daly, Dan and Gibb, Glen and Izzard, Martin and McKeown, Nick and Rexford, Jennifer and Schlesinger, Cole and Talayco, Dan and Vahdat, Amin and Varghese, George and others},
  journal={ACM SIGCOMM Computer Communication Review},
  volume={44},
  number={3},
  pages={87--95},
  year={2014},
  publisher={ACM},
  keywords={A3},
}

@article{A3:tennenhouse1997survey,
  title={A Survey of Active Network Research},
  author={Tennenhouse, David L and Smith, Jonathan M and Sincoskie, W David and Wetherall, David J and Minden, Gary J},
  journal={IEEE Communications Magazine},
  volume={35},
  number={1},
  pages={80--86},
  year={1997},
  publisher={IEEE},
  keywords={A3},
}

@article{A3:tennenhouse1996towards,
  title={Towards an Active Network Architecture},
  author={Tennenhouse, David L and Wetherall, David J},
  journal={ACM SIGCOMM Computer Communication Review},
  volume={26},
  number={2},
  pages={5--17},
  year={1996},
  publisher={ACM},
  keywords={A3},
}

@article{A3:bai2017pias,
  title={PIAS: Practical Information-agnostic Flow Scheduling for Commodity Data Centers},
  author={Bai, Wei and Chen, Li and Chen, Kai and Han, Dongsu and Tian, Chen and Wang, Hao},
  journal={IEEE/ACM Transactions on Networking (TON)},
  volume={25},
  number={4},
  pages={1954--1967},
  year={2017},
  publisher={IEEE Press},
  keywords={A3},
}

@inproceedings{A3:ely2001alpine,
  title={Alpine: A User-Level Infrastructure for Network Protocol Development.},
  author={Ely, David and Savage, Stefan and Wetherall, David},
  booktitle={3rd USENIX Symp. on Internet Technologies and Systems},
  volume={3},
  pages={15--23},
  year={2001},
  keywords={A3},
}


@article{A3:tazaki2015library,
  title={Library Operating System with Mainline Linux Network Stack},
  author={Tazaki, Hajime and Nakamura, Ryo and Sekiya, Yuji},
  journal={Proceedings of NetDev},
  year={2015},
  keywords={A3},
}

@inproceedings{A3:niu2017network,
  title={Network Stack as a Service in the Cloud},
  author={Niu, Zhixiong and Xu, Hong and Han, Dongsu and Cheng, Peng and Xiong, Yongqiang and Chen, Guo and Winstein, Keith},
  booktitle={16th ACM Workshop on Hot Topics in Networks},
  pages={65--71},
  year={2017},
  organization={ACM},
  keywords={A3},
}

@inproceedings{A3:john2007analysis,
  title={Analysis of Internet Backbone Traffic and Header Anomalies Observed},
  author={John, Wolfgang and Tafvelin, Sven},
  booktitle={7th ACM SIGCOMM conference on Internet measurement},
  pages={111--116},
  year={2007},
  organization={ACM},
  keywords={A3},
}

@inproceedings{A3:zhu2016trimming,
  title={Trimming the Smartphone Network Stack},
  author={Zhu, Yanzi and Zhu, Yibo and Nika, Ana and Zhao, Ben Y and Zheng, Haitao},
  booktitle={15th ACM Workshop on Hot Topics in Networks},
  pages={176--182},
  year={2016},
  publisher={ACM},
  keywords={A3},
}


@ARTICLE{A3:Bernados:WirelessCommunication, 
	author={C. J. Bernardos and A. de la Oliva and P. Serrano and A. Banchs and L. M. Contreras and H. Jin and J. C. Zuniga}, 
	journal={IEEE Wireless Communications}, 
	title={{An Architecture for Software Defined Wireless Networking}}, 
	year={2014}, 
	volume={21}, 
	number={3}, 
	pages={52-61}, 
	keywords={A3}, 
}

@article{A3:Jagadeesan:2014,
	author = {Jagadeesan, Nachikethas A. and Krishnamachari, Bhaskar},
	title = {{Software-Defined Networking Paradigms in Wireless Networks: A Survey}},
	journal = {ACM Computing Surveys},
	volume = {47},
	number = {2},
	year = {2014},
	pages = {1--11},
	articleno = {27},
	numpages = {11},
	keywords = {A3}
} 

@ARTICLE{A3:Kreutz:2015, 
	author={D. Kreutz and F. M. V. Ramos and P. E. Veríssimo and C. E. Rothenberg and S. Azodolmolky and S. Uhlig}, 
	journal={Proceedings of IEEE}, 
	title={{Software-Defined Networking: A Comprehensive Survey}}, 
	year={2015}, 
	volume={103}, 
	number={1}, 
	pages={14-76}, 
	keywords={A3}
}

@inproceedings {A3:Monsanto2013,
author={Christopher Monsanto and Joshua Reich and Nate Foster and Jennifer Rexford and David Walker},
title={Composing Software Defined Networks},
booktitle={USENIX Symp. on Networked Systems Design and Implementation},
year={2013},
pages={1--13},
publisher={USENIX},
keywords={A3},
}

@Article{A3:Qadir2014,
author="Qadir, Junaid
and Ahmed, Nadeem
and Ahad, Nauman",
title={{Building Programmable Wireless Networks: An Architectural Survey}},
journal="EURASIP Journal on Wireless Communications and Networking",
year="2014",
volume="2014",
number="1",
pages="1--31",
keywords = {A3}
}

@article{A3:Ferguson2013,
 author = {Ferguson, Andrew D. and Guha, Arjun and Liang, Chen and Fonseca, Rodrigo and Krishnamurthi, Shriram},
 title = {{Participatory Networking: An API for Application Control of SDNs}},
 journal = {SIGCOMM Computer Communication Review},
 issue_date = {October 2013},
 volume = {43},
 number = {4},
 month = aug,
 year = {2013},
 pages = {327--338},
 publisher = {ACM},
 address = {New York, NY, USA},
 keywords = {A3}
} 



@inproceedings{A3:hoechst2019learning,
    AUTHOR        = {Jonas H{\"o}chst and Artur Sterz and Alexander {Fr{\"o}mmgen} and Denny
    Stohr and Ralf Steinmetz and Bernd Freisleben},
    TITLE         = {{Learning Wi-Fi Connection Loss Predictions for Seamless Vertical
    Handovers Using Multipath TCP}},
    BOOKTITLE     = {{44th IEEE Int. Conference on Local Computer Networks (LCN)}},
    ADDRESS       = "Osnabr{\"u}ck, Germany",
    publisher     = {},
    pages         = {18--25},
    DAYS          = 13,
    MONTH         = oct,
    year          = {2019. BEST PAPER AWARD.},
    url           = {https://umr-ds.github.io/seamcon/},
    keywords      = {A3E},
    note          = {Best Paper Award},
    cooperations  = {C2, C3, C5},
}

@inproceedings{A3:hoechst2017unsupervised,
    AUTHOR        = {Jonas {H{\"o}chst} and Lars {Baumg{\"a}rtner} and Matthias Hollick and Bernd Freisleben},
    TITLE         = {{Unsupervised Traffic Flow Classification Using a Neural Autoencoder}},
    BOOKTITLE     = {42nd IEEE Int. Conference on Local Computer Networks (LCN)},
    ADDRESS       = {Singapore},
    DAYS          = {10},
    MONTH         = oct,
    YEAR          = {2017},
    URL           = {https://ieeexplore.ieee.org/document/8109399/},
    DOI           = {10.1109/LCN.2017.57},
    publisher     = {},
    pages         = {523--526},
    keywords      = {A3E},
}


@inproceedings{A3:graubner2018opportunistic, 
    title         = {{Opportunistic Named Functions in Disruption-tolerant Emergency Networks}}, 
    author        = {Pablo Graubner and Patrick Lampe and Jonas H{\"o}chst and Lars Baumg{\"a}rtner and Mira Mezini and Bernd Freisleben}, 
    publisher     = {}, 
    address       = {Ischia, Italy}, 
    days          = {9},
    pages         = {129--137},
    month         = may,
    year          = {2018},
    doi           = {10.1145/3203217.3203234},
    booktitle     = {ACM Int. Conference on Computing Frontiers 2018 (ACM CF)},
    keywords      = {A3E},
    cooperations  = {A2},
}

@inproceedings{A3:baumgaertner2017speak,
    AUTHOR        = {Lars {Baumg{\"a}rtner} and Pablo Graubner and Jonas {H{\"o}chst} and Anja Klein and Bernd Freisleben},
    TITLE         = {{Speak Less, Hear Enough: On Dynamic Announcement Intervals in Wireless On-demand Networks}},
    BOOKTITLE     = "13th Int. Conference on Wireless On-demand Network Systems and Services (WONS)",
    ADDRESS       = "Jackson Hole, USA",
    DAYS          = 21,
    MONTH         = feb,
    YEAR          = 2017,
    URL          = {http://2017.wons-conference.org/Papers/1570315160.pdf},
    DOI          = {10.1109/WONS.2017.7888768},
    publisher    = {IEEE},
    keywords     = {A3E},
    pages        = {33--40},
    cooperations = {B3},
}


@INPROCEEDINGS{A3:luthra2019inetcep,
    AUTHOR       = {Manisha Luthra and Boris Koldehofe and  and Patrick Lampe and Ali Haider Rizvi  and Ralf Kundel and Bernd Freisleben},
    TITLE        = "INetCEP: In-Network Complex Event Processing for Information-Centric Networking",
    BOOKTITLE    = "15th ACM/IEEE Symp. on Architectures for Networking and Communications Systems (ANCS)",
    ADDRESS      = "Cambridge, UK",
    publisher    = {},
    pages        = {1--13},
    DAYS         = 24,
    MONTH        = sep,
    YEAR         = 2019,
    URL          = {https://www.kom.tu-darmstadt.de/research-results/publications/publications-details/?pub_id=LKH%2B19-1},
    keywords     = {A3E},
    cooperations = {C2},
}


##### Seemoo

@inproceedings{A3:ScLiGrHo2018,
    author       = {M. Schulz and J. Link and F. Gringoli and M. Hollick},
    title        = {Shadow Wi-Fi: Teaching Smartphones to Transmit Raw Signals and to Extract Channel State Information to Implement Practical Covert Channels over Wi-Fi},
    booktitle    = {Int. Conference on Mobile Systems, Applications, and Services (MobiSys)},
    year         = {2018},
    pages        = {256--268},
    publisher    = {ACM},
    address      = {New York, NY, USA},
    keywords     = {A3E},
}

%INPROCEEDINGS{A3:StKrHo2018,
%    author       = {M. Stute and D. Kreitschmann and M. Hollick},
%    title        = {One Billion Apples' Secret Sauce: Recipe for the Apple Wireless Direct Link Ad hoc Protocol},
%    booktitle    = {ACM Annual International Conference on Mobile Computing and Networking (MobiCom 2018)},
%    year         = {2018},
%    pages        = {529--543},
%    month        = oct,
%    publisher    = {ACM},
%    address      = {New York, NY, USA},
%    keywords     = {A3E},
%}

@inproceedings{A3:GrScLiHo2019,
  title={Free Your CSI: A Channel State Information Extraction Platform For Modern Wi-Fi Chipsets},
  author={Gringoli, Francesco and Schulz, Matthias and Link, Jakob and Hollick, Matthias},
  booktitle={13th Int. Workshop on Wireless Network Testbeds, Experimental Evaluation \& Characterization (WiNTECH)},
  pages={21--28},
  publisher={ACM},
  year={2019},
  organization={ACM},
  keywords={A3E},
}

@INPROCEEDINGS{A3:PaStLoHoWi2018,
    title        = {Adaptive Codebook Optimization for Beam-Training on Off-The-Shelf IEEE 802.11ad Device},
    author       = {J. Palacios and D. Steinmetzer and A. Loch and M. Hollick and J. Widmer},
    booktitle    = {Int. Conference on Mobile Computing and Networking (MobiCom)},
    year         = {2018},
    month        = oct,
    pages        = {241--255},
    publisher    = {ACM},
    address      = {New York, NY, USA},
    keywords     = {A3E},
}


@INPROCEEDINGS{A3:MaClScHo2019,
    title        = {InternalBlue - Bluetooth Binary Patching and Experimentation Framework},
    author       = {D. Mantz and J. Classen and M. Schulz and M. Hollick},
    booktitle    = {Int. Conference on Mobile Systems, Applications, and Services (MobiSys)},
    year         = {2019},
    pages        = {79--90},
    publisher    = {ACM},
    address      = {New York, NY, USA},
    keywords     = {A3E}
} 

@article{A3:ScWeHo2018,
    title        = {The Nexmon Firmware Analysis and Modification Framework: Empowering Researchers to Enhance Wi-Fi Devices},
    journal      = {Computer Communications},
    volume       = {129},
    pages        = {269 - 285},
    year         = {2018},
    issn         = {0140-3664},
    author       = {M. Schulz and D. Wegemer and M. Hollick},
    keywords     = {A3E},
}